% Encoding: UTF-8

@Article{oskarsdottir2019,
  author  = {Mar\'{i}a \'{O}skarsd\'{o}ttir and Cristi\'{a}n Bravo and Carlos Sarraute and Jan Vanthienen and Bart Baesens},
  title   = {The value of big data for credit scoring: Enhancing financial inclusion using mobile phone data and social network analytics},
  journal = {Applied Soft Computing},
  year    = {2019},
  volume  = {74},
  pages   = {26 - 39},
  doi     = {https://doi.org/10.1016/j.asoc.2018.10.004},
}

@Comment{jabref-meta: databaseType:bibtex;}
